@misc{ Tennis4two,
       author = "Wikipedia",
       title = "Pagina de la wikipedia del videojuego Tennis for Two",
       year = "2021",
       howpublished = "\url{https://es.wikipedia.org/wiki/Tennis_for_Two}",
       note = "[Internet; Último acceso: 5-junio-2021]"
}

@misc{ 2020GamesMoney,
       author = "Dean Takahashi",
       title = "Estadísticas de ventas de videojuegos en 2020",
       year = "2021",
       howpublished = "\url{https://venturebeat.com/2021/01/06/superdata-games-grew-12-to-139-9-billion-in-2020-amid-pandemic/}",
       note = "[Internet; Último acceso: 5-junio-2021]"
}


@misc{ ClaseMonobehaviour,
       author = "Unity",
       title = "Scripting API: MonoBehaviour",
       year = "2020",
       howpublished = "\url{https://docs.unity3d.com/ScriptReference/MonoBehaviour.html}",
       note = "[Internet; Último acceso: 3-junio-2021]"
}

@misc{ ClaseGameObject,
       author = "Unity",
       title = "Scripting API: GameObject",
       year = "2020",
       howpublished = "\url{https://docs.unity3d.com/ScriptReference/GameObject.html}",
       note = "[Internet; Último acceso: 23-marzo-2021]"
}

@misc{ Gamasutra,
       author = "Gamasutra",
       title = "Página principal de Gamasutra",
       year = "2021",
       howpublished = "\url{https://gamasutra.com/}",
       note = "[Internet; Último acceso: 7-abril-2021]"
}

@misc{ PaqueteCinemachine,
       author = "Unity",
       title = "Página de Unity asociada al paquete Cinemachine",
       year = "2021",
       howpublished = "\url{https://unity.com/es/unity/features/editor/art-and-design/cinemachine}",
       note = "[Internet; Último acceso: 7-abril-2021]"
}

@misc{ PlatformerMicrogame,
       author = "Unity Technologies",
       title = "Página de descarga del Asset asociado a Platforme Microgame",
       year = "2021",
       howpublished = "\url{https://assetstore.unity.com/packages/templates/platformer-microgame-151055?_ga=2.85524954.2125376078.1616431073-502923268.1612351479}",
       note = "[Internet; Último acceso: 22-marzo-2021]"
}

@misc{ ContinuousCollision,
       author = "GDC",
       title = "Charla sobre colisiones de la Game Developers Conference",
       year = "2018",
       howpublished = "\url{https://www.youtube.com/watch?v=7_nKOET6zwI&t=3153s}",
       note = "[Internet; Último acceso: 5-junio-2021]"
}

@misc{ UnderstandingConstraints,
       author = "GDC",
       title = "Charla sobre colisiones de la Game Developers Conference",
       year = "2018",
       howpublished = "\url{https://www.youtube.com/watch?v=SHinxAhv1ZE&t=2887s}",
       note = "[Internet; Último acceso: 5-junio-2021]"
}

@misc{ TiempoDesarrollo,
       author = "Amerike",
       title = "¿Cuánto se tarda en desarrollar un videojuego?",
       year = "2018",
       howpublished = "\url{https://amerike.edu.mx/cuanto-se-tarda-en-desarrollar-un-videojuego/}",
       note = "[Internet; Último acceso: 4-junio-2021]"
}

@misc{ ConstructoresMonoBehaviour,
       author = "Ilkinulas",
       title = "Don't Use Constructors To Initialize Monobehaviours.",
       year = "2016",
       howpublished = "\url{http://ilkinulas.github.io/development/unity/2016/05/30/monobehaviour-constructor.html}",
       note = "[Internet; Último acceso: 4-junio-2021]"
}