@misc{ wiki:Kanban,
       author = "Wikipedia",
       title = "Metodología Kanban",
       year = "2020",
       url = "https://es.wikipedia.org/wiki/Kanban_(desarrollo)",
       note = "[Internet; Ultimo acceso: 6-junio-2021]"
}

@misc{ TableroKanban,
       author = "Kanban tool",
       title = "Tablero Kanban",
       year = "2021",
       url = "https://kanbantool.com/es/tablero-kanban",
       note = "[Internet; Ultimo acceso: 6-junio-2021]"
}

@misc{ FAQUnity,
       author = "Unity",
       title = "FAQ Unity",
       year = "2021",
       url = "https://unity3d.com/es/unity/faq/2491",
       note = "[Internet; Ultimo acceso: 6-junio-2021]"
}

@misc{ Sueldo,
       author = "Jobted",
       title = "Sueldo de un programador de videojuegos",
       year = "2021",
       url = "https://www.jobted.es/salario/programador-videojuegos",
       note = "[Internet; Ultimo acceso: 6-junio-2021]"
}

@misc{ Unidades,
       author = "Sergio C. González",
       title = "Unidades vendidas por los juegos indies",
       year = "2019",
       url = "https://as.com/meristation/2019/09/11/noticias/1568178068_654037.html",
       note = "[Internet; Ultimo acceso: 6-junio-2021]"
}

@misc{ PropiedadIntelectual,
       author = "Ministerio de cultura de España",
       title = "Ley de propiedad intelectual",
       year = "1996",
       url = "https://boe.es/buscar/pdf/1996/BOE-A-1996-8930-consolidado.pdf",
       note = "[Internet; Ultimo acceso: 6-junio-2021]"
}